<?xml version="1.0" encoding="UTF-8"?><record xmlns="http://www.loc.gov/MARC21/slim" xmlns:cinclude="http://apache.org/cocoon/include/1.0" xmlns:zs="http://www.loc.gov/zing/srw/">
  <leader>00390cz  a2200121n  4500</leader>
  <controlfield tag="001">n  86873779 </controlfield>
  <controlfield tag="003">DLC</controlfield>
  <controlfield tag="005">19870106144648.7</controlfield>
  <controlfield tag="008">861231n| acannaab|          |n aad |||  </controlfield>
  <datafield tag="010" ind1=" " ind2=" ">
    <subfield code="a">n  86873779 </subfield>
  </datafield>
  <datafield tag="040" ind1=" " ind2=" ">
    <subfield code="a">DLC</subfield>
    <subfield code="c">DLC</subfield>
    <subfield code="d">DLC</subfield>
  </datafield>
  <datafield tag="100" ind1="1" ind2="0">
    <subfield code="a">Wu, Soushan,</subfield>
    <subfield code="d">1950-</subfield>
  </datafield>
  <datafield tag="670" ind1=" " ind2=" ">
    <subfield code="a">nuc86-111645: Author's An equilibrium model of index futures ... 1984</subfield>
    <subfield code="b">(hdg. on FU rept.: Wu, Soushan, 1950- ; usage: Soushan Wu)</subfield>
  </datafield>
</record>